
@article{abreu1986,
	title = {Optimal cartel equilibria with imperfect monitoring},
	author = {{Abreu}, {Dilip} and {Pearce}, {David} and {Stacchetti}, {Ennio}},
	year = {1986},
	month = {06},
	date = {1986-06},
	journal = {Journal of Economic Theory},
	pages = {251{\textendash}269},
	volume = {39},
	number = {1},
	doi = {10.1016/0022-0531(86)90028-1}
}
